@article{daa,
  title={Differential audio analysis: a new side-channel attack on PIN pads},
  author={de Souza Faria, Gerson and Kim, Hae Yong},
  journal={International Journal of Information Security},
  volume={18},
  pages={73--84},
  year={2019},
  publisher={Springer}
}


@inproceedings{tdoa,
  title={Snooping keystrokes with mm-level audio ranging on a single phone},
  author={Liu, Jian and Wang, Yan and Kar, Gorkem and Chen, Yingying and Yang, Jie and Gruteser, Marco},
  booktitle={Proceedings of the 21st Annual International Conference on Mobile Computing and Networking},
  pages={142--154},
  year={2015}
}


@article{timebased,
  title={When keystroke meets password: Attacks and defenses},
  author={Liu, Ximing},
  year={2019},
  publisher={Singapore Management University}
}

@article{2023survey,
  title={A Survey on Acoustic Side Channel Attacks on Keyboards},
  author={Taheritajar, Alireza and Harris, Zahra Mahmoudpour and Rahaeimehr, Reza},
  journal={arXiv preprint arXiv:2309.11012},
  year={2023}
}

@inproceedings{tdoa2,
  title={The microphone array sensor attack on keyboard acoustic emanations: Side-channel attack},
  author={Rosmansyah, Yusep and others},
  booktitle={2017 International Conference on Information Technology Systems and Innovation (ICITSI)},
  pages={261--266},
  year={2017},
  organization={IEEE}
}

@article{fft,
  title={What is the fast Fourier transform?},
  author={Cochran, William T and Cooley, James W and Favin, David L and Helms, Howard D and Kaenel, Reginald A and Lang, William W and Maling, George C and Nelson, David E and Rader, Charles M and Welch, Peter D},
  journal={Proceedings of the IEEE},
  volume={55},
  number={10},
  pages={1664--1674},
  year={1967},
  publisher={IEEE}
}

@inproceedings{mfcc,
  title={An efficient MFCC extraction method in speech recognition},
  author={Han, Wei and Chan, Cheong-Fat and Choy, Chiu-Sing and Pun, Kong-Pang},
  booktitle={2006 IEEE International Symposium on Circuits and Systems (ISCAS)},
  pages={4--pp},
  year={2006},
  organization={IEEE}
}

@article{vit,
  title={An image is worth 16x16 words: Transformers for image recognition at scale},
  author={Dosovitskiy, Alexey},
  journal={arXiv preprint arXiv:2010.11929},
  year={2020}
}

@article{cnn,
  title={Backpropagation applied to handwritten zip code recognition},
  author={LeCun, Yann and Boser, Bernhard and Denker, John S and Henderson, Donnie and Howard, Richard E and Hubbard, Wayne and Jackel, Lawrence D},
  journal={Neural computation},
  volume={1},
  number={4},
  pages={541--551},
  year={1989},
  publisher={MIT Press}
}

@inproceedings{skypetype,
  title={Don't skype \& type! acoustic eavesdropping in voice-over-ip},
  author={Compagno, Alberto and Conti, Mauro and Lain, Daniele and Tsudik, Gene},
  booktitle={Proceedings of the 2017 ACM on Asia Conference on Computer and Communications Security},
  pages={703--715},
  year={2017}
}

@inproceedings{anand2018keyboard,
  title={Keyboard emanations in remote voice calls: Password leakage and noise (less) masking defenses},
  author={Anand, S Abhishek and Saxena, Nitesh},
  booktitle={Proceedings of the Eighth ACM Conference on Data and Application Security and Privacy},
  pages={103--110},
  year={2018}
}

@article{2023convmixer,
  title={Password-sniffing acoustic keylogger using machine learning},
  author={Akinbi, Alex and Deniz, Erkan and Ismael, Aras M and Rashid, Zryan N and Sengur, Abdulkadir},
  journal={Available at SSRN 4431909},
  year={2023}
}

@article{cnn2019noise,
  title={Keyboard snooping from mobile phone arrays with mixed convolutional and recurrent neural networks},
  author={Giallanza, Tyler and Siems, Travis and Smith, Elena and Gabrielsen, Erik and Johnson, Ian and Thornton, Mitchell A and Larson, Eric C},
  journal={Proceedings of the ACM on Interactive, Mobile, Wearable and Ubiquitous Technologies},
  volume={3},
  number={2},
  pages={1--22},
  year={2019},
  publisher={ACM New York, NY, USA}
}

@article{lstm,
  title={Long Short-term Memory},
  author={Hochreiter, S},
  journal={Neural Computation MIT-Press},
  year={1997}
}

@article{nmt,
  title={Google's neural machine translation system: Bridging the gap between human and machine translation},
  author={Wu, Yonghui and Schuster, Mike and Chen, Zhifeng and Le, Quoc V and Norouzi, Mohammad and Macherey, Wolfgang and Krikun, Maxim and Cao, Yuan and Gao, Qin and Macherey, Klaus and others},
  journal={arXiv preprint arXiv:1609.08144},
  year={2016}
}

@inproceedings{coatnet2023,
  title={A practical deep learning-based acoustic side channel attack on keyboards},
  author={Harrison, Joshua and Toreini, Ehsan and Mehrnezhad, Maryam},
  booktitle={2023 IEEE European Symposium on Security and Privacy Workshops (EuroS\&PW)},
  pages={270--280},
  year={2023},
  organization={IEEE}
}
@article{coatnet,
  title={Coatnet: Marrying convolution and attention for all data sizes},
  author={Dai, Zihang and Liu, Hanxiao and Le, Quoc V and Tan, Mingxing},
  journal={Advances in neural information processing systems},
  volume={34},
  pages={3965--3977},
  year={2021}
}

@article{convmixer,
  title={Patches are all you need?},
  author={Trockman, Asher and Kolter, J Zico},
  journal={arXiv preprint arXiv:2201.09792},
  year={2022}
}

@article{mlpMixer,
  title={Mlp-mixer: An all-mlp architecture for vision},
  author={Tolstikhin, Ilya O and Houlsby, Neil and Kolesnikov, Alexander and Beyer, Lucas and Zhai, Xiaohua and Unterthiner, Thomas and Yung, Jessica and Steiner, Andreas and Keysers, Daniel and Uszkoreit, Jakob and others},
  journal={Advances in neural information processing systems},
  volume={34},
  pages={24261--24272},
  year={2021}
}

@inproceedings{resnet,
  title={Deep residual learning for image recognition},
  author={He, Kaiming and Zhang, Xiangyu and Ren, Shaoqing and Sun, Jian},
  booktitle={Proceedings of the IEEE conference on computer vision and pattern recognition},
  pages={770--778},
  year={2016}
}

@article{vgg,
  title={Very deep convolutional networks for large-scale image recognition},
  author={Simonyan, Karen and Zisserman, Andrew},
  journal={arXiv preprint arXiv:1409.1556},
  year={2014}
}

@inproceedings{rnn2019,
  title={Robust keystroke transcription from the acoustic side-channel},
  author={Slater, David and Novotney, Scott and Moore, Jessica and Morgan, Sean and Tenaglia, Scott},
  booktitle={Proceedings of the 35th Annual Computer Security Applications Conference},
  pages={776--787},
  year={2019}
}

@inproceedings{speech2016,
  title={Deep speech 2: End-to-end speech recognition in english and mandarin},
  author={Amodei, Dario and Ananthanarayanan, Sundaram and Anubhai, Rishita and Bai, Jingliang and Battenberg, Eric and Case, Carl and Casper, Jared and Catanzaro, Bryan and Cheng, Qiang and Chen, Guoliang and others},
  booktitle={International conference on machine learning},
  pages={173--182},
  year={2016},
  organization={PMLR}
}

@article{batchnorm,
  title={Batch normalization: Accelerating deep network training by reducing internal covariate shift},
  author={Ioffe, Sergey},
  journal={arXiv preprint arXiv:1502.03167},
  year={2015}
}

@article{gru,
  title={Learning phrase representations using RNN encoder-decoder for statistical machine translation},
  author={Cho, Kyunghyun and Van Merri{\"e}nboer, Bart and Gulcehre, Caglar and Bahdanau, Dzmitry and Bougares, Fethi and Schwenk, Holger and Bengio, Yoshua},
  journal={arXiv preprint arXiv:1406.1078},
  year={2014}
}


@article{rnn1,
  title={Learning internal representations by error propagation, parallel distributed processing, explorations in the microstructure of cognition, ed. de rumelhart and j. mcclelland. vol. 1. 1986},
  author={Rumelhart, David E and Hinton, Geoffrey E and Williams, Ronald J},
  journal={Biometrika},
  volume={71},
  number={599-607},
  pages={6},
  year={1986}
}

@incollection{rnn2,
  title={Serial order: A parallel distributed processing approach},
  author={Jordan, Michael I},
  booktitle={Advances in psychology},
  volume={121},
  pages={471--495},
  year={1997},
  publisher={Elsevier}
}

@article{adamopt,
  title={A method for stochastic optimization},
  author={Adam, Kingma DP Ba J and others},
  journal={arXiv preprint arXiv:1412.6980},
  volume={1412},
  number={6},
  year={2014}
}

@article{uniquekeys,
  title={A survey of keystroke dynamics biometrics},
  author={Teh, Pin Shen and Teoh, Andrew Beng Jin and Yue, Shigang},
  journal={The Scientific World Journal},
  volume={2013},
  number={1},
  pages={408280},
  year={2013},
  publisher={Wiley Online Library}
}

@book{securesystem,
  title={Fundamentals of secure system modelling},
  author={Matulevi{\v{c}}ius, Raimundas},
  year={2017},
  publisher={Springer}
}

@inproceedings{encryption,
  title={Traditional and hybrid encryption techniques: a survey},
  author={Dixit, Pooja and Gupta, Avadhesh Kumar and Trivedi, Munesh Chandra and Yadav, Virendra Kumar},
  booktitle={Networking Communication and Data Knowledge Engineering: Volume 2},
  pages={239--248},
  year={2018},
  organization={Springer}
}

@article{imageencryption,
  title={A comprehensive review on image encryption techniques},
  author={Kaur, Manjit and Kumar, Vijay},
  journal={Archives of Computational Methods in Engineering},
  volume={27},
  number={1},
  pages={15--43},
  year={2020},
  publisher={Springer}
}

@ARTICLE{biometric1,
  author={Rui, Zhang and Yan, Zheng},
  journal={IEEE Access},
  title={A Survey on Biometric Authentication: Toward Secure and Privacy-Preserving Identification},
  year={2019},
  volume={7},
  number={},
  pages={5994-6009},
  keywords={Authentication;Privacy;Biology;Iris recognition;Password;Sensors;Aliveness detection;biometric authentication;password management;privacy protection},
  doi={10.1109/ACCESS.2018.2889996}}


@article{biometric2,
  title={A review on performance, security and various biometric template protection schemes for biometric authentication systems},
  author={Sarkar, Arpita and Singh, Binod K},
  journal={Multimedia Tools and Applications},
  volume={79},
  number={37},
  pages={27721--27776},
  year={2020},
  publisher={Springer}
}

@article{mka_dataset,
  title={Multi-datasets for different keyboard key sound recognition},
  author={Rawf, Karwan M Hama and Abdulrahman, Ayub O and Kamel, Hana O and Hassan, Lawen M and Ali, Ahmad O},
  journal={Data in Brief},
  volume={57},
  pages={110949},
  year={2024},
  publisher={Elsevier}
}

@article{vaswani2017attention,
  title={Attention is all you need},
  author={Vaswani, Ashish and Shazeer, Noam and Parmar, Niki and Uszkoreit, Jakob and Jones, Llion and Gomez, Aidan N and Kaiser, {\L}ukasz and Polosukhin, Illia},
  journal={Advances in neural information processing systems},
  volume={30},
  year={2017}
}

@inproceedings{swin,
  title={Swin transformer: Hierarchical vision transformer using shifted windows},
  author={Liu, Ze and Lin, Yutong and Cao, Yue and Hu, Han and Wei, Yixuan and Zhang, Zheng and Lin, Stephen and Guo, Baining},
  booktitle={Proceedings of the IEEE/CVF international conference on computer vision},
  pages={10012--10022},
  year={2021}
}

@article{moat,
  title={Moat: Alternating mobile convolution and attention brings strong vision models},
  author={Yang, Chenglin and Qiao, Siyuan and Yu, Qihang and Yuan, Xiaoding and Zhu, Yukun and Yuille, Alan and Adam, Hartwig and Chen, Liang-Chieh},
  journal={arXiv preprint arXiv:2210.01820},
  year={2022}
}

@article{pytorch,
  title={Pytorch: An imperative style, high-performance deep learning library},
  author={Paszke, Adam and Gross, Sam and Massa, Francisco and Lerer, Adam and Bradbury, James and Chanan, Gregory and Killeen, Trevor and Lin, Zeming and Gimelshein, Natalia and Antiga, Luca and others},
  journal={Advances in neural information processing systems},
  volume={32},
  year={2019}
}

@article{optimizers,
  title={An overview of gradient descent optimization algorithms},
  author={Ruder, Sebastian},
  journal={arXiv preprint arXiv:1609.04747},
  year={2016}
}

@article{kaiming,
  title={Delving deep into rectifiers: Surpassing human-level performance on imagenet classification},
  author={He, Kaiming and Zhang, Xiangyu and Ren, Shaoqing and Sun, Jian},
  booktitle={Proceedings of the IEEE international conference on computer vision},
  pages={1026--1034},
  year={2015}
}

@article{levenshtein,
  title={Levenshtein distance technique in dictionary lookup methods: An improved approach},
  author={Haldar, Rishin and Mukhopadhyay, Debajyoti},
  journal={arXiv preprint arXiv:1101.1232},
  year={2011}
}

@article{relation,
  title={Self-attention with relative position representations},
  author={Shaw, Peter and Uszkoreit, Jakob and Vaswani, Ashish},
  journal={arXiv preprint arXiv:1803.02155},
  year={2018}
}

@inproceedings{squeeze,
  title={Squeeze-and-excitation networks},
  author={Hu, Jie and Shen, Li and Sun, Gang},
  booktitle={Proceedings of the IEEE conference on computer vision and pattern recognition},
  pages={7132--7141},
  year={2018}
}

@incollection{efficientnet,
  title={EfficientNet},
  author={Koonce, Brett},
  booktitle={Convolutional neural networks with swift for Tensorflow: image recognition and dataset categorization},
  pages={109--123},
  year={2021},
  publisher={Springer}
}

@inproceedings{mobilenetv2,
  title={MobileNetV2 model for image classification},
  author={Dong, Ke and Zhou, Chengjie and Ruan, Yihan and Li, Yuzhi},
  booktitle={2020 2nd International Conference on Information Technology and Computer Application (ITCA)},
  pages={476--480},
  year={2020},
  organization={IEEE}
}
